<?xml version="1.0" encoding="UTF-8"?><collection xmlns="http://www.loc.gov/MARC21/slim"><record><leader>00658nam--2200193-i-4500</leader><controlfield tag="001">000023890</controlfield><controlfield tag="002">20161230</controlfield><controlfield tag="005">20161230201035</controlfield><controlfield tag="008">060222s1000------------r-----000-0-eng-d</controlfield><datafield ind1=" " ind2=" " tag="040"><subfield code="a">IFIN-HH</subfield></datafield><datafield ind1=" " ind2=" " tag="080"><subfield code="a">539.171.02(035.5)(0</subfield></datafield><datafield ind1="1" ind2=" " tag="100"><subfield code="a">Neuwirth, W</subfield></datafield><datafield ind1="1" ind2="0" tag="245"><subfield code="a">Zaed stopping cross sections of elemements with z=2 to for li ions with energies between 80 kev and 840 kev</subfield><subfield code="c">W. neuwirth, w. pietsch, u. hauser</subfield></datafield><datafield ind1=" " ind2=" " tag="260"><subfield code="a">Eggenstein-leopoldshaften</subfield><subfield code="b">Zentralstelle Fur Atomkernenergie-dokumentation</subfield><subfield code="c">1976</subfield></datafield><datafield ind1=" " ind2=" " tag="300"><subfield code="a">6P</subfield></datafield><datafield ind1=" " ind2=" " tag="490"><subfield code="a">Physik Daten Physics Data 2-1 1976</subfield></datafield><datafield ind1="1" ind2=" " tag="700"><subfield code="a">Hauser, U</subfield></datafield><datafield ind1=" " ind2=" " tag="852"><subfield code="a">47445</subfield><subfield code="c">53.081</subfield></datafield><datafield ind1=" " ind2=" " tag="CAT"><subfield code="a">Sys</subfield><subfield code="c">20160331</subfield><subfield code="h">150737</subfield></datafield></record></collection>